@BOOK{Absil08,
    title       = {Optimization Algorithms on Matrix Manifolds},
    publisher   = {Princeton University Press},
    year        = {2008},
    author      = {P.-A. Absil and R. Mahony and R. Sepulchre},
    owner       = {eivindfo},
    timestamp   = {2008.10.23}
}

@ARTICLE{Alonso10,
    author      = {R. J. Alonso and E. Carneiro and I. M. Gamba},
    title       = {Convolution inequalities for the {B}oltzmann collision operator},
    journal     = {Communications in Mathematical Physics},
    year        = {2010},
    volume      = {298},
    pages       = {293-322},
    number      = {2},
    owner       = {philipp},
    timestamp   = {2012.05.31}
}

@ARTICLE{Arias07,
    author      = {P. Arias and A. Pini and G. Sanguinetti and P. Sprachmann and P. Cancela and A. Fernández
                   and A. Gómez and G. Randall},
    title       = {Ultrasound Image Segmentation with Shape Priors: Application to Automatic Cattle Rib-Eye Area
                   Estimation},
    journal     = {IEEE Transactions on Image Processing},
    year        = {2007},
    volume      = {16},
    pages       = {1637-1645},
    owner       = {eivindfo},
    timestamp   = {2008.12.19}
}

@ARTICLE{Atkin75,
    author      = {C. J. Atkin},
    title       = {The {H}opf-{R}inow theorem is false in infinite dimensions},
    journal     = {Bull. London Math. Soc.},
    year        = {1975},
    volume      = {7},
    pages       = {261-266},
    owner       = {eivindfo},
    timestamp   = {2008.10.24}
}

@ARTICLE{Babuska97,
    author      = {I. Babuška and J. M. Melenk},
    title       = {The partition of unity method},
    journal     = {International Journal for Numerical Methods in Engineering},
    year        = {1997},
    volume      = {40},
    pages       = {727-758}
}

@INBOOK{Baloch06,
    chapter     = {2D Shape Modeling using Skeletal Graphs in a Morse Theoretic Framework},
    pages       = {61-80},
    title       = {Statistics and Analysis of Shapes},
    publisher   = {Birkhäuser},
    year        = {2006},
    editor      = {H. Krim and A. Yezzi, Jr.},
    author      = {S. H. Baloch and H. Krim},
    owner       = {eivindfo},
    timestamp   = {2009.06.07}
}

@BOOK{Berger07,
    title       = {A Panoramic View of {R}iemannian Geometry},
    publisher   = {Springer-Verlag},
    year        = {2007},
    author      = {M. Berger},
    owner       = {eivindfo},
    timestamp   = {2009.06.03}
}

@ARTICLE{Bobylev75,
    author      = {A. V. Bobylev},
    title       = {Exact solutions of the {B}oltzmann equation},
    journal     = {Doklady Akademija Nauk SSSR},
    volume      = {225},
    number      = {6},
    pages       = {1296-1299},
    year        = {1975},
    note        = {In Russian.}
}

@ARTICLE{Bobylev88,
    author      = {A. V. Bobylev},
    title       = {The theory of the nonlinear spatially uniform {B}oltzmann equation for {M}axwell molecules},
    journal     = {Soviet Sci. Rev. Sect. C Math. Phys. Rev.},
    year        = {1988},
    volume      = {7},
    pages       = {110-233}
}

@ARTICLE{Bobylev97,
    author      = {A. V. Bobylev},
    title       = {Moment inequalities for the {B}oltzmann equation and applications to spatially homogeneous
                   problems},
    journal     = {J. Stat. Phys},
    year        = {1997},
    volume      = {88},
    pages       = {1183-1214}
}

@ARTICLE{BobylevR97,
    author      = {A. V. Bobylev and S. Rjasanow},
    title       = {Difference scheme for the {B}oltzmann equation based on the fast {F}ourier transform},
    journal     = {European J. Mech. B Fluids},
    fjournal    = {European Journal of Mechanics. B Fluids},
    volume      = {16},
    year        = {1997},
    number      = {2},
    pages       = {293--306},
    issn        = {0997-7546},
    coden       = {EJBFEV},
    mrclass     = {82C40 (76M20 76P05)},
    mrnumber    = {MR1439069 (98c:82057)},
    mrreviewer  = {Anne Nouri},
} 

@ARTICLE{Bobylev99,
    author      = {A. V. Bobylev and S. Rjasanow},
    title       = {Fast deterministic method of solving the {B}oltzmann equation for hard spheres},
    journal     = {Eur. J. Mech. B Fluids},
    fjournal    = {European Journal of Mechanics. B. Fluids},
    volume      = {18},
    year        = {1999},
    number      = {5},
    pages       = {869--887},
    issn        = {0997-7546},
    coden       = {EJBFEV},
    mrclass     = {76P05 (76M25 82C40)},
    mrnumber    = {MR1728639 (2001c:76109)},
    mrreviewer  = {Hans Babovsky},
}

@ARTICLE{Bobylev00,
    author      = {A. V. Bobylev and S. Rjasanow},
    title       = {Numerical solution of the {B}oltzmann equation using a fully conservative difference scheme
                   based on the fast {F}ourier transform},
    journal     = {Transport Theory Statist. Phys.},
    fjournal    = {Transport Theory and Statistical Physics},
    volume      = {29},
    year        = {2000},
    number      = {3-5},
    pages       = {289--310},
    issn        = {0041-1450},
    coden       = {TTSPB4},
    mrclass     = {82C40 (65M06 76M20 76P05 82-08)},
    mrnumber    = {MR1770434 (2001g:82085)},
}

@BOOK{Canuto88,
    author      = {C. Canuto and M. Y. Hussaini and A. Quarteroni and T. A. Zang},
    title       = {Spectral methods in fluid dynamics},
    year        = {1988},
    publisher   = {Springer-Verlag}
}

@BOOK{Carmo92,
    title       = {Riemannian geometry},
    publisher   = {Birkhäuser},
    year        = {1992},
    author      = {M. P. do Carmo},
    owner       = {eivindfo},
    timestamp   = {2008.10.31}
}

@INCOLLECTION{Cercignani02,
    author      = {C. Cercignani},
    title       = {The {B}oltzmann equation and fluid dynamics},
    booktitle   = {Handbook of Mathematical Fluid Mechanics},
    chapter     = {1},
    year        = {2002},
    volume      = {1},
    pages       = {1-69},
    publisher   = {Elsevier},
    address     = {Amsterdam}
}

@ARTICLE{Charpiat05,
    author      = {G. Charpiat and O. Faugeras and R. Keriven},
    title       = {Approximation of shape metrics and application to shape warping and empirical shape
                   statistics},
    journal     = {Found. Comput. Math.},
    year        = {2005},
    volume      = {5},
    pages       = {1-58},
    owner       = {eivindfo},
    timestamp   = {2008.11.24}
}

@INPROCEEDINGS{Chazelle80,
    author      = {Chazelle, Bernard and Dobkin, David P.},
    title       = {Detection is easier than computation (extended abstract)},
    booktitle   = {Proceedings of the twelfth annual ACM symposium on Theory of computing},
    year        = {1980},
    series      = {STOC '80},
    pages       = {146--153},
    address     = {New York, NY, USA},
    publisher   = {ACM},
    acmid       = {804662},
    doi         = {http://doi.acm.org/10.1145/800141.804662},
    isbn        = {0-89791-017-6},
    location    = {Los Angeles, California, United States},
    numpages    = {8},
    url         = {http://doi.acm.org/10.1145/800141.804662}
}

@ARTICLE{Cotter06,
    author      = {C. J. Cotter and D. D. Holm},
    title       = {Singular solutions, momentum maps and computational anatomy},
    journal     = {arXiv:nlin/0605020v1},
    year        = {2006},
    owner       = {eivindfo},
    timestamp   = {2009.06.07}
}

@ARTICLE{Donoho01,
    author      = {Donoho, D. L.},
    title       = {Sparse Components of Images and Optimal Atomic Decompositions},
    journal     = {Constructive Approximation},
    year        = {2001},
    volume      = {17},
    pages       = {353-382},
    number      = {3},
    doi         = {10.1007/s003650010032},
    issn        = {0176-4276},
    keywords    = {Key words. Sparse components analysis, Independent components analysis, Synthetic image
                   models, Computational harmonic analysis, Edgelets, Wedgelets. AMS Classification. 41A25,
                   41A30, 94A08, 94A12.},
    language    = {English},
    publisher   = {Springer-Verlag},
    url         = {http://dx.doi.org/10.1007/s003650010032}
}

@BOOK{Dragomir03,
    title       = {Some {G}ronwall type inequalities and applications},
    publisher   = {Nova Science Pub Inc},
    year        = {2003},
    author      = {S. S. Dragomir},
    owner       = {eivindfo},
    timestamp   = {2012.09.24}
}

@ARTICLE{Duci06,
    author      = {A. Duci and A. Yezzi and S. Soatto and K. Rocha},
    title       = {Harmonic embeddings for linear shape analysis},
    journal     = {J. Math. Imaging},
    year        = {2006},
    volume      = {25},
    pages       = {341-352},
    owner       = {eivindfo},
    timestamp   = {2008.11.24}
}

@ARTICLE{Easley08,
    author      = {Glenn Easley and Demetrio Labate and Wang-Q Lim},
    title       = {Sparse directional image representations using the discrete shearlet transform},
    journal     = {Applied and Computational Harmonic Analysis },
    year        = {2008},
    volume      = {25},
    pages       = {25 - 46},
    number      = {1},
    doi         = {http://dx.doi.org/10.1016/j.acha.2007.09.003},
    issn        = {1063-5203},
    keywords    = {Curvelets},
    url         = {http://www.sciencedirect.com/science/article/pii/S1063520307000875}
}

@ARTICLE{Ender94,
    author      = {A. Ya. Ender and I. A. Ender},
    title       = {Моментный метод для изотропного уравнения {Б}ольцмана},
    journal     = {Журнал технической физики},
    year        = {1994},
    volume      = {64},
    pages       = {38-53},
    note        = {In Russian.}
}

@ARTICLE{Ender99,
    author      = {A. Ya. Ender and I. A. Ender},
    title       = {Polynomial expansions for the isotropic {B}oltzmann equation and invariance of the
                   collision integral with respect to the choice of basis functions},
    journal     = {Physics of Fluids},
    year        = {1999},
    volume      = {11},
    pages       = {2720-2730}
}

@ARTICLE{Ernst84,
    author      = {M. H. Ernst},
    title       = {Exact solutions of the nonlinear {B}oltzmann equation},
    journal     = {Journal of Statistical Physics},
    year        = {1984},
    volume      = {34},
    pages       = {1001-1017}
}

@ARTICLE{Filbet06,
    author      = {F. Filbet and C. Mouhot and L. Pareschi},
    title       = {Solving the {B}oltzmann equation in {$N\log_2 N$}},
    journal     = {SIAM J. Sci. Comput.},
    year        = {2006},
    volume      = {28},
    number      = {3},
    pages       = {1029-1053}
}

@ARTICLE{Filbet11,
    author      = {F. Filbet and C. Mouhot},
    title       = {Analysis of spectral methods for the homogeneous {B}oltzmann equation},
    journal     = {Transactions of the American Mathematical Society},
    year        = {2011},
    volume      = {363},
    number      = {4},
    pages       = {1947-1980}
}

@ARTICLE{Gamba09,
    author      = {Irene M. Gamba and Sri Harsha Tharkabhushanam},
    title       = {Spectral-{L}agrangian methods for collisional models of non-equilibrium statistical states},
    journal     = {Journal of Computational Physics},
    year        = {2009},
    volume      = {228},
    number      = {6},
    pages       = {2012 - 2036},
    URL         = {http://www.sciencedirect.com/science/article/pii/S002199910800613X}
}

@ARTICLE{Gamba10,
    author      = {Gamba, Irene M. and Tharkabhushanam, Sri Harsha},
    title       = {Shock and boundary structure formation by spectral-{L}agrangian methods for the inhomogeneous
                   {B}oltzmann transport equation},
    journal     = {J. Comput. Math.},
    year        = {2010},
    volume      = {28},
    number      = {4},
    pages       = {430--460},
    url         = {http://dx.doi.org/10.4208/jcm.1003-m0011}
}

@ARTICLE{Gavrilyuk11,
    author      = {Gavrilyuk, Ivan and Khoromskij, Boris},
    title       = {Quantized-{TT}-{C}ayley transform for computing the dynamics and the spectrum of
                   high-dimensional {H}amiltonians},
    journal     = {Comput. Methods Appl. Math.},
    fjournal    = {Computational Methods in Applied Mathematics},
    volume      = {11},
    year        = {2011},
    number      = {3},
    pages       = {273--290},
    issn        = {1609-4840},
    mrclass     = {65J08 (65F99)},
    mrnumber    = {2844779 (2012m:65151)},
    mrreviewer  = {Javad Shokri},
    doi         = {10.2478/cmam-2011-0015},
    url         = {http://dx.doi.org/10.2478/cmam-2011-0015},
}

@BOOK{Gottlieb77,
    author      = {Gottlieb, David and Orszag, Steven A.},
    title       = {Numerical analysis of spectral methods: theory and applications},
    note        = {CBMS-NSF Regional Conference Series in Applied Mathematics, No. 26},
    publisher   = {Society for Industrial and Applied Mathematics},
    address     = {Philadelphia, Pa.},
    year        = {1977},
    pages       = {v+172},
    mrclass     = {65MXX (65-02 65P05)},
    mrnumber    = {0520152 (58 \#24983)},
    mrreviewer  = {O. Widlund},
}

@TECHREPORT{Gottschalk96,
    author      = {S. Gottschalk},
    title       = {Separating axis theorem},
    institution = {Department of Computer Science, UNC Chapel Hill},
    year        = {1996},
    owner       = {efonn},
    timestamp   = {2011.04.20}
}

@MISC{GPC,
    author      = {A. Murta and T. Howard},
    note        = {See {\tt http://www.cs.man.ac.uk/{\textasciitilde}toby/alan/software/}},
    year        = {2012},
    citeseerurl = {http://www.cs.man.ac.uk/~toby/alan/software/},
    owner       = {efonn},
    timestamp   = {2011.04.13},
    url         = {http://www.cs.man.ac.uk/~toby/alan/software/}
}

@ARTICLE{Gradinaru07,
    author      = {V. Gradinaru},
    title       = {Fourier transform on sparse grids: code design and the time dependent {S}chrödinger equation},
    journal     = {Computing},
    year        = {2007},
    volume      = {80},
    pages       = {1-22},
    number      = {1}
}

@ARTICLE{Gressman11,
    author      = {P. T. Gressman and R. M. Strain},
    title       = {Global classical solutions of the {B}oltzmann equation without angular cut-off},
    journal     = {J. Amer. Math. Soc},
    year        = {2011},
    volume      = {24},
    pages       = {771-847}
}

@unpublished{Griebel13,
    author      = {M. Griebel and J. Hamaekers},
    title       = {Fast Discrete {F}ourier Transform on Generalized Sparse Grids},
    institution = {Institute for Numerical Simulation, University of Bonn},
    annote      = {submitted, article},
    note        = {INS Preprint No. 1305},
    type        = {Preprint},
    number      = {1305},
    year        = {2013},
    pdf         = {http://wissrech.ins.uni-bonn.de/research/pub/hamaekers/GriebelHamaekersINSPreprint1305.pdf}
}

@ARTICLE{Grohs12,
    author      = {Grohs, P.},
    title       = {Ridgelet-type frame decompositions for {S}obolev spaces related to linear transport},
    journal     = {Journal of Fourier Analysis and Applications},
    year        = {2012},
    volume      = {18},
    pages       = {309-325},
    number      = {2},
    doi         = {10.1007/s00041-011-9206-1},
    issn        = {1069-5869},
    keywords    = {Sobolev spaces; Ridgelets; Curvelets; Transport equations; 42C40; 46E30; 35F05},
    language    = {English},
    publisher   = {SP Birkhäuser Verlag Boston},
    url         = {http://dx.doi.org/10.1007/s00041-011-9206-1}
}

@ARTICLE{Guo02,
    year        = {2002},
    issn        = {0010-3616},
    journal     = {Communications in Mathematical Physics},
    volume      = {231},
    number      = {3},
    doi         = {10.1007/s00220-002-0729-9},
    title       = {The {L}andau equation in a periodic box},
    url         = {http://dx.doi.org/10.1007/s00220-002-0729-9},
    publisher   = {Springer-Verlag},
    author      = {Guo, Yan},
    pages       = {391-434},
    language    = {English}
}

@ARTICLE{Guo07,
    author      = {Guo, Kanghui and Labate, Demetrio},
    title       = {Optimally sparse multidimensional representation using shearlets},
    journal     = {SIAM J. Math. Anal.},
    fjournal    = {SIAM Journal on Mathematical Analysis},
    volume      = {39},
    year        = {2007},
    number      = {1},
    pages       = {298--318},
    issn        = {0036-1410},
    mrclass     = {42C15 (41A60 42C40 94A08)},
    mrnumber    = {2318387 (2008k:42097)},
    mrreviewer  = {Jean-Pierre Gabardo},
    doi         = {10.1137/060649781},
    url         = {http://dx.doi.org/10.1137/060649781},
}

@ARTICLE{Hopf31,
    author      = {H. Hopf and W. Rinow},
    title       = {Über den {B}egriff der völlständigen differentialgeometrischen {F}lächen},
    journal     = {Comment. Math. Helv.},
    year        = {1931},
    volume      = {3},
    pages       = {209-225},
    owner       = {eivindfo},
    timestamp   = {2009.06.03}
}

@ARTICLE{Ibragimov02,
    author      = {Ibragimov,~I. and Rjasanow,~S.},
    title       = {Numerical solution of the {B}oltzmann equation on the uniform grid},
    journal     = {Computing},
    fjournal    = {Computing. Archives for Scientific Computing},
    volume      = {69},
    year        = {2002},
    number      = {2},
    pages       = {163--186},
    issn        = {0010-485X},
    coden       = {CMPTA2},
    mrclass     = {82C80 (65M99 82C40)},
    mrnumber    = {MR1954793 (2004i:82060)},
    mrreviewer  = {Sergei A. Nemnyugin},
} 

@ARTICLE{Ivanic96,
    author      = {Ivanic, Joseph and Ruedenberg, Klaus},
    title       = {Rotation matrices for real spherical harmonics. {D}irect determination by recursion},
    journal     = {The Journal of Physical Chemistry},
    year        = {1996},
    volume      = {100},
    pages       = {6342-6347},
    number      = {15},
    doi         = {10.1021/jp953350u},
    eprint      = {http://pubs.acs.org/doi/pdf/10.1021/jp953350u},
    url         = {http://pubs.acs.org/doi/abs/10.1021/jp953350u}
}

@ARTICLE{Kirsch07,
    author      = {R. Kirsch and S. Rjasanow},
    title       = {A weak formulation of the {B}oltzmann equation based on the {F}ourier transform},
    journal     = {J. Stat. Phys.},
    year        = {2007},
    volume      = {129},
    pages       = {483-492}
}

@ARTICLE{Klassen04,
    author      = {E. Klassen and A. Srivastava and W. Mio and S. Joshi},
    title       = {Analysis of planar shapes using geodesic paths on shape spaces},
    journal     = {IEEE Transactions on Pattern Analysis and Machine Intelligence},
    year        = {2004},
    volume      = {26},
    pages       = {372-383},
    owner       = {eivindfo},
    timestamp   = {2008.10.23}
}

@BOOK{Kling82,
    title       = {Riemannian Geometry},
    publisher   = {de Gruyter Studies in Mathematics},
    year        = {1982},
    author      = {W. Klingenberg},
    owner       = {eivindfo},
    timestamp   = {2008.10.20}
}

@MISC{Knapek00,
    author      = {S. Knapek},
    title       = {Hyperbolic cross approximation of integral operators with smooth kernel},
    note        = {submitted},
    year        = {2000},
    owner       = {philipp},
    timestamp   = {2012.05.31}
}

@ARTICLE{Krook77,
    author      = {M. Krook and T. T. Wu},
    title       = {Exact solutions of the {B}oltzmann equation},
    journal     = {Phys. Fluids},
    volume      = {20},
    number      = {10},
    pages       = {1589-1595},
    year        = {1977}
}

@ARTICLE{Kutyniok11,
    author      = {Gitta Kutyniok and Wang-Q Lim},
    title       = {Compactly supported shearlets are optimally sparse},
    journal     = {Journal of Approximation Theory },
    year        = {2011},
    volume      = {163},
    pages       = {1564 - 1589},
    number      = {11},
    doi         = {http://dx.doi.org/10.1016/j.jat.2011.06.005},
    issn        = {0021-9045},
    keywords    = {Curvilinear discontinuities},
    url         = {http://www.sciencedirect.com/science/article/pii/S0021904511001067}
}

@INPROCEEDINGS{Labate05,
    author      = {{Labate}, D. and {Lim}, W.-Q. and {Kutyniok}, G. and {Weiss}, G.},
    title       = {Sparse multidimensional representation using shearlets},
    booktitle   = {Society of Photo-Optical Instrumentation Engineers (SPIE) Conference Series},
    year        = 2005,
    series      = {Society of Photo-Optical Instrumentation Engineers (SPIE) Conference Series},
    volume      = 5914,
    editor      = {{Papadakis}, M. and {Laine}, A.~F. and {Unser}, M.~A.},
    month       = aug,
    pages       = {254-262},
    doi         = {10.1117/12.613494},
    adsurl      = {http://adsabs.harvard.edu/abs/2005SPIE.5914..254L},
    adsnote     = {Provided by the SAO/NASA Astrophysics Data System}
}

@ARTICLE{Lessig12,
    author      = {C. Lessig and T. de Witt and E. Fiume},
    title       = {Efficient and accurate rotation of finite spherical harmonics expansions},
    journal     = {Journal of Computational Physics },
    year        = {2012},
    volume      = {231},
    pages       = {243 - 250},
    number      = {2},
    doi         = {http://dx.doi.org/10.1016/j.jcp.2011.09.014},
    issn        = {0021-9991},
    keywords    = {Spherical harmonics},
    url         = {http://www.sciencedirect.com/science/article/pii/S0021999111005468}
}

@ARTICLE{Maeda74,
    author      = {M. Maeda},
    title       = {On the injective radius of noncompact {R}iemannian manifolds},
    journal     = {Proc. Japan Acad.},
    year        = {1974},
    volume      = {50},
    pages       = {148-151},
    owner       = {eivindfo},
    timestamp   = {2009.06.07}
}

@ARTICLE{Marques97,
    author      = {J. Marques and A. Abrantes},
    title       = {Shape alignment - optimal initial point and pose estimation},
    journal     = {Pattern Recognition Letters},
    year        = {1997},
    volume      = {18},
    pages       = {49-53},
    owner       = {eivindfo},
    timestamp   = {2008.12.11}
}

@ARTICLE{Melenk96,
    author      = {J. M. Melenk and I. Babuška},
    title       = {The partition of unity finite element method: basic theory and applications},
    journal     = {Comput. Methods Appl. Mech. Engrg.},
    year        = {1996},
    volume      = {139},
    pages       = {289-314}
}

@ARTICLE{Mio07,
    author      = {W. Mio and A. Srivastava and S. Joshi},
    title       = {On shape of plane elastic curves},
    journal     = {International Journal of Computer Vision},
    year        = {2007},
    volume      = {73},
    pages       = {307-324},
    owner       = {eivindfo},
    timestamp   = {2008.10.23}
}

@ARTICLE{Mouhot06,
    author      = {C. Mouhot and L. Pareschi},
    title       = {Fast algorithms for computing the {B}oltzmann collision operator.},
    journal     = {Math. Comput.},
    year        = {2006},
    volume      = {75},
    pages       = {1833-1852},
    number      = {256},
    classmath   = {{*76M22 (Spectral methods) 76P05 (Molecular or atomic structure) 65Y05 (Parallel
                   computation (numerical methods))}},
    doi         = {10.1090/S0025-5718-06-01874-6},
    keywords    = {{spectral methods; fast Fourier transform; hard spheres model}},
    language    = {English}
}

@ARTICLE{Myers35,
    author      = {S. B. Myers},
    title       = {Riemanniam manifolds in the large},
    journal     = {Duke Math. J.},
    year        = {1935},
    volume      = {1},
    pages       = {39-49},
    owner       = {eivindfo},
    timestamp   = {2009.06.03}
}

@ARTICLE{Memoli05,
    author      = {F. Mémoli and G. Sapiro},
    title       = {A theoretical and computational framework for isometry invariant recognition of point cloud
                   data},
    journal     = {Found. Comput. Math},
    year        = {2005},
    volume      = {5},
    pages       = {313-347},
    owner       = {eivindfo},
    timestamp   = {2009.06.07}
}

@UNPUBLISHED{ObermeierXX,
    author      = {A. Obermeier and P. Grohs},
    year        = {2013},
    note        = {Work still in progress}
}

@ARTICLE{Rourke82,
    author      = {J. O'Rourke and C.-B. Chien and T. Olson and D. Naddor},
    title       = {A new linear algorithm for intersecting convex polygons},
    journal     = {Computer Graphics and Image Processing},
    year        = {1982},
    volume      = {19},
    pages       = {384-391},
    owner       = {eivindfo},
    timestamp   = {2011.04.13}
}

@ARTICLE{Pareschi96,
    author      = {L. Pareschi and B. Perthame},
    title       = {A {F}ourier spectral method for homogeneous {B}oltzmann equations},
    journal     = {Transport Theory Stat. Phys.},
    year        = {1996},
    volume      = {25},
    pages       = {369-383}
}

@ARTICLE{Pareschi00,
    author      = {L. Pareschi and G. Russo},
    title       = {Numerical solution of the {B}oltzmann equation {I}: spectrally accurate approximation of
                   the collision operator},
    journal     = {SIAM J. Numer. Anal.},
    year        = {2000},
    volume      = {37},
    pages       = {1217-1245}
}

@ARTICLE{Pareschi03,
    year        = {2003},
    issn        = {0029-599X},
    journal     = {Numerische Mathematik},
    volume      = {93},
    issue       = {3},
    doi         = {10.1007/s002110100384},
    title       = {Spectral methods for the non cut-off {B}oltzmann equation and numerical grazing collision
                   limit},
    url         = {http://dx.doi.org/10.1007/s002110100384},
    publisher   = {Springer-Verlag},
    keywords    = {Mathematics Subject Classification (1991): 65M70},
    author      = {Pareschi, L. and Toscani, G. and Villani, C.},
    pages       = {527-548},
    language    = {English}
}

@ARTICLE{PrietoMarquez07,
    author      = {A. Prieto-Marquez and P. M. Gignac and S. Joshi},
    title       = {Neontological evaluation of pelvic skeletal attributes purported to reflect sex in extinct
                   non-avian archosaurs},
    journal     = {Journal of Vertebrate Paleontology},
    year        = {2007},
    volume      = {27},
    pages       = {603-609},
    owner       = {eivindfo},
    timestamp   = {2008.12.19}
}

@ARTICLE{Sharon06,
    author      = {E. Sharon and D. Mumford},
    title       = {2{D}-shape analysis using conformal mapping},
    journal     = {International Journal of Computer Vision},
    year        = {2006},
    volume      = {70},
    pages       = {55-75},
    owner       = {eivindfo},
    timestamp   = {2009.06.07}
}

@ARTICLE{Shub84,
    author      = {M. Shub},
    title       = {Some remarks on dynamical systems and numerical analysis},
    journal     = {Dynamical systems and partial differential equations},
    year        = {1984},
    pages       = {69-91},
    owner       = {eivindfo},
    timestamp   = {2009.06.11}
}

@ARTICLE{Szasz58,
    author      = {O. Szász and N. Yeardley},
    title       = {The representation of an analytic function by general {L}aguerre series},
    journal     = {Pacific Journal of Mathematics},
    year        = {1958},
    volume      = {8},
    pages       = {621-633}
}

@ARTICLE{Tourenne83,
    author      = {C. J. Tourenne},
    title       = {The entropy of the {B}{K}{W} solution},
    journal     = {Journal of Statistical Physics},
    year        = {1983},
    volume      = {32},
    pages       = {71-80}
}

@ARTICLE{Toussaint85,
    author      = {G. T. Toussaint},
    title       = {A simple linear algorithm for intersecting convex polygons},
    journal     = {The Visual Computer},
    year        = {1985},
    volume      = {1},
    pages       = {118-123},
    owner       = {eivindfo},
    timestamp   = {2011.04.13}
}

@ARTICLE{Villani98,
    author      = {C. Villani},
    title       = {Fisher information estimates for {B}oltzmann's collision operator},
    journal     = {Journal de Mathematiques Pures et Appliquees},
    year        = {1998},
    volume      = {77},
    pages       = {821-837},
    owner       = {philipp},
    timestamp   = {2012.05.31}
}

@INCOLLECTION{Villani02,
    author      = {C. Villani},
    title       = {A review of mathematical topics in collisional kinetic theory},
    booktitle   = {Handbook of Mathematical Fluid Mechanics},
    chapter     = {2},
    year        = {2002},
    volume      = {1},
    pages       = {71-305},
    publisher   = {Elsevier},
    address     = {Amsterdam}
}

@ARTICLE{Widmer08,
    author      = {Widmer, G. and Hiptmair, R. and Schwab, Ch.},
    title       = {Sparse adaptive finite elements for radiative transfer},
    journal     = {J. Comput. Phys.},
    fjournal    = {Journal of Computational Physics},
    volume      = {227},
    year        = {2008},
    number      = {12},
    pages       = {6071--6105},
    issn        = {0021-9991},
    coden       = {JCTPAH},
    mrclass     = {85A25 (65N30)},
    mrnumber    = {2418354 (2010c:85003)},
    doi         = {10.1016/j.jcp.2008.02.025},
    url         = {http://dx.doi.org/10.1016/j.jcp.2008.02.025},
}

@BOOK{Wigner31,
    author      = {Wigner, Eugen},
    title       = {Gruppentheorie und ihre {A}nwendung auf die {Q}uantenmechanik der {A}tomspektren},
    publisher   = {J. W. Edwards, Ann Arbor, Michigan},
    year        = {1944},
    pages       = {viii+332},
    mrclass     = {20.0X},
    mrnumber    = {0010584 (6,39g)},
}

@INCOLLECTION{Zenger91,
    author      = {Zenger, Christoph},
    title       = {Sparse grids},
    booktitle   = {Parallel algorithms for partial differential equations ({K}iel, 1990)},
    series      = {Notes Numer. Fluid Mech.},
    volume      = {31},
    pages       = {241--251},
    publisher   = {Vieweg},
    address     = {Braunschweig},
    year        = {1991},
    mrclass     = {65N55 (65N30)},
    mrnumber    = {1167882},
}

@ARTICLE{Zhao08,
    author      = {J. Zhao and S. Xiong and Y. Bu and R. S. Goonetilleke},
    title       = {Computerized girth determination for customized footwear manufacture},
    journal     = {Computers \& Industrial Engineering},
    year        = {2008},
    volume      = {54},
    pages       = {359-373},
    owner       = {eivindfo},
    timestamp   = {2008.12.19}
}
